@MastersThesis{P1,
author = {Matthew Pugh},
title = {Removing False Detections from a Large Fish Image Data-set},
type = {MSc Dissertation},
school = {The University of Edinburgh},
year = {2015}
}


@misc{P2,
  title = {Fish4Knowledge Homepage},
  howpublished = "\url{http://fish4knowledge.eu/}",
  note = {Accessed: 2018-01-08}
}

@MastersThesis{P3,
author = {Qiqi Yu},
title = {Adding Temporal Constraints To a Large Data Cleaning Problem},
type = {MSc Dissertation},
school = {The University of Edinburgh},
year = {2016}
}